@article{Dee2011,
author = {Dee, D. P. and Uppala, S. M. and Simmons, A. J. and Berrisford, P. and Poli, P. and Kobayashi, S. and Andrae, U. and Balmaseda, M. A. and Balsamo, G. and Bauer, P. and Bechtold, P. and Beljaars, A. C. M. and van de Berg, L. and Bidlot, J. and Bormann, N. and Delsol, C. and Dragani, R. and Fuentes, M. and Geer, A. J. and Haimberger, L. and Healy, S. B. and Hersbach, H. and H\'{o}lm, E. V. and Isaksen, L. and K\r{A}llberg, P. and K\"{o}hler, M. and Matricardi, M. and McNally, A. P. and Monge-Sanz, B. M. and Morcrette, J.-J. and Park, B.-K. and Peubey, C. and de Rosnay, P. and Tavolato, C. and Th\'{e}paut, J.-N. and Vitart, F.},
doi = {10.1002/qj.828},
journal = {Quart. J. Roy. Meteor. Soc.},
pages = {553--597},
title = {{T}he {ERA}-{I}nterim reanalysis: configuration and performance of the data assimilation system},
volume = {137},
year = {2011}
}

@article{Irving2015,
author = {Irving, Damien and Simmonds, Ian},
doi = {10.1175/JCLI-D-15-0287.1},
journal = {Journal of Climate},
pages = {9041--9057},
title = {{A Novel Approach to Diagnosing Southern Hemisphere Planetary Wave Activity and Its Influence on Regional Climate Variability}},
volume = {28},
year = {2015}
}

@article{Irving2016,
author = {Irving, Damien and Simmonds, Ian},
doi = {10.1175/JCLI-D-15-0843.1},
journal = {Journal of Climate},
pages = {6109--6125},
title = {{A New Method for Identifying the Pacific–South American Pattern and Its Influence on Regional Climate Variability}},
volume = {29},
year = {2016}
}

@article{OKane2017,
author = {O'Kane, Terence J. and Monselesan, Didier P. and Risbey, James S.},
doi = {10.1175/MWR-D-16-0291.1},
journal = {Monthly Weather Review},
pages = {379--402},
title = {{A Multiscale Reexamination of the Pacific–South American Pattern}},
volume = {145},
year = {2017}
}

